@Book{ Kernighan88thec,
	title = "The C programming Language",
	author = "Brian W. Kernighan and Dennis M. Ritchie",
	year = "1988",
	publisher = "Prentice Hall"
}

@Book{ DeitelJ,
	title = "Cómo programar en Java",
	author = "Deitel, Paul J.",
	year = "2008",
	publisher = "Pearson Educación"
}

@Book{ MarcUnix,
	title = "Advanced UNIX Programming",
	author = "Marc J. Rochkind",
	year = "2004",
	publisher = "Addison-Wesley Professional"
}

@misc{ Panasonic,
  title = "Manuales de los puntos de venta de Panasonic 7900 y 5500",
  publisher = "Panasonic"
}